<record><leader>00000cas a22000007a 4500</leader><controlfield tag="001">15378707</controlfield><controlfield tag="008">870327d1949195ualuwr ne      0    0eng d</controlfield><datafield ind1=" " ind2=" " tag="010"><subfield code="a">sn 87050096 </subfield></datafield><datafield ind1=" " ind2=" " tag="040"><subfield code="a">AAR</subfield><subfield code="b">eng</subfield><subfield code="c">AAR</subfield><subfield code="d">CPN</subfield><subfield code="d">OCLCQ</subfield></datafield><datafield ind1=" " ind2=" " tag="042"><subfield code="a">msc</subfield></datafield><datafield ind1="0" ind2="4" tag="245"><subfield code="a">The Double Springs herald.</subfield></datafield><datafield ind1=" " ind2=" " tag="260"><subfield code="a">Double Springs, Ala. :</subfield><subfield code="b">Jay Thornton,</subfield><subfield code="c">1949-</subfield></datafield><datafield ind1=" " ind2=" " tag="300"><subfield code="a">v.</subfield></datafield><datafield ind1=" " ind2=" " tag="310"><subfield code="a">Weekly</subfield></datafield><datafield ind1="0" ind2=" " tag="362"><subfield code="a">July 14, 1949-</subfield></datafield><datafield ind1=" " ind2=" " tag="500"><subfield code="a">Published semi-weekly during Jan. 1950.</subfield></datafield><datafield ind1=" " ind2=" " tag="752"><subfield code="a">United States</subfield><subfield code="b">Alabama</subfield><subfield code="c">Winston</subfield><subfield code="d">Double Springs.</subfield></datafield><datafield ind1="0" ind2="0" tag="780"><subfield code="t">Winston herald (Double Springs, Ala.)</subfield><subfield code="w">(DLC)sn 87050256</subfield></datafield></record>